@misc{luca_mingarelli,
	author = {Luca Mingarelli},
	title = {Personal website --- lucamingarelli.com},
	url = {https://lucamingarelli.com/Teaching/schelling.html},
	year = {2021},
	note = {(Accessed 26-09-2024)},
}

@article{schelling1971dynamic,
  title={Dynamic models of segregation},
  author={Schelling, Thomas C},
  journal={Journal of mathematical sociology},
  volume={1},
  number={2},
  pages={143--186},
  year={1971},
  publisher={Taylor \& Francis}
}

@article{rockwool2024immigrants,
    title={Immigrants and Native Flight: Geographic Extent and Heterogeneous Preferences},
    journal={SSRN},
    author={Boje-Kovacs, Bence and Mulalic, Ismir and Saiz, Albert and Sant'Anna, Vinicios and Schultz-Nielsen, Marie Louise},
    year={2024}
}

@article{bramoulle2009_peer_effects,
  title={Identification of peer effects through social networks},
  author={Bramoull{\'e}, Yann and Djebbari, Habiba and Fortin, Bernard},
  journal={Journal of econometrics},
  volume={150},
  number={1},
  pages={41--55},
  year={2009},
  publisher={Elsevier}
}

@online{bouncing_with_the_joneses_grenestam,
  author = {Grenestam. Erik},
  title = {Bouncing with the Joneses},
  year = 2019,
  url = {https://erikgrenestam.se/wp-content/uploads/2019/04/Bouncing-with-the-Joneses-ErikG.pdf},
  urldate = {2024-10-30}
}

@ARTICLE{Bayer_2022_nearest_neighbor,title={Distinguishing Causes of Neighborhood Racial Change: A Nearest Neighbor Design},year={2022},author={Patrick Bayer and Marcus Casey and W. Ben McCartney and John Orellana-Li and Calvin Zhang},doi={10.3386/w30487},pmid={null},pmcid={null},mag_id={4297103705},journal={Social Science Research Network}
}

@article{bohlmark_willen_2020_tipping,
  title={Tipping and the Effects of Segregation},
  author={B{\"o}hlmark, Anders and Will{\'e}n, Alexander},
  journal={American Economic Journal: Applied Economics},
  volume={12},
  number={1},
  pages={318--347},
  year={2020},
  publisher={American Economic Association 2014 Broadway, Suite 305, Nashville, TN 37203-2425}
}

@ARTICLE{Ananat_2011,
    title={The Wrong Side(s) of the Tracks: The Causal Effects of Racial Segregation on Urban Poverty and Inequality},
    year={2011},
    author={Elizabeth Oltmans Ananat},
    doi={10.1257/app.3.2.34},
    mag_id={2021600094},
    journal={American Economic Journal: Applied Economics}
}

@techreport{davis2018long,
  title={The long run effects of low income housing on neighborhood composition},
  author={Davis, Morris A and Gregory, Jesse and Hartley, Daniel A},
  year={2018},
  institution={Working paper}
}

@article{chetty2015impacts,
  title={The impacts of neighborhoods on intergenerational mobility: Childhood exposure effects and county-level estimates},
  author={Chetty, Raj and others},
  journal={Harvard University and NBER},
  volume={133},
  number={3},
  pages={1--145},
  year={2015}
}


@techreport{davis2018long,
  title={The long run effects of low income housing on neighborhood composition},
  author={Davis, Morris A and Gregory, Jesse and Hartley, Daniel A},
  year={2018},
  institution={Working paper}
}


@article{chetty2015impacts,
  title={The impacts of neighborhoods on intergenerational mobility: Childhood exposure effects and county-level estimates},
  author={Chetty, Raj and others},
  journal={Harvard University and NBER},
  volume={133},
  number={3},
  pages={1--145},
  year={2015}
}

@article{card2008tipping,
  title={Tipping and the Dynamics of Segregation},
  author={Card, David and Mas, Alexandre and Rothstein, Jesse},
  journal={The Quarterly Journal of Economics},
  volume={123},
  number={1},
  pages={177--218},
  year={2008},
  publisher={MIT Press}
}

@article{caetano2017school,
  title={School segregation and the identification of tipping behavior},
  author={Caetano, Gregorio and Maheshri, Vikram},
  journal={Journal of Public Economics},
  volume={148},
  pages={115--135},
  year={2017},
  publisher={Elsevier}
}

@article{bayer2004drives,
  title={What drives racial segregation? New evidence using census microdata},
  author={Bayer, Patrick and McMillan, Robert and Rueben, Kim S},
  journal={Journal of Urban Economics},
  volume={56},
  number={3},
  pages={514--535},
  year={2004},
  publisher={Elsevier}
}

@techreport{blair2017outside,
  title={Outside options (now) more important than race in explaining tipping points in US neighborhoods},
institution = {University of Chicago},
  author={Blair, Peter},
  year={2017}
}

@article{boustan2010postwar,
  title={Was postwar suburbanization “white flight”? Evidence from the black migration},
  author={Boustan, Leah Platt},
  journal={The Quarterly Journal of Economics},
  volume={125},
  number={1},
  pages={417--443},
  year={2010},
  publisher={MIT Press}
}

@software{polars_ritchie_vink_2025,
  author       = {Ritchie Vink and
                  Stijn de Gooijer and
                  Alexander Beedie and
                  Marco Edward Gorelli and
                  nameexhaustion and
                  Orson Peters and
                  Gijs Burghoorn and
                  Weijie Guo and
                  J van Zundert and
                  Gert Hulselmans and
                  Marshall and
                  Cory Grinstead and
                  Luke Manley and
                  chielP and
                  Itamar Turner-Trauring and
                  Lawrence Mitchell and
                  Matteo Santamaria and
                  Henry Harbeck and
                  Daniël Heres and
                  eitsupi and
                  deanm0000 and
                  Josh Magarick and
                  Karl Genockey and
                  Ion Koutsouris and
                  Moritz Wilksch and
                  Liam Brannigan and
                  Robin and
                  Jorge Leitao and
                  Mick van Gelderen},
  title        = {pola-rs/polars: Python Polars 1.25.2},
  year         = 2025,
  publisher    = {Zenodo},
  version      = {py-1.25.2},
  doi          = {10.5281/zenodo.15032415},
  url          = {https://doi.org/10.5281/zenodo.15032415},
}

@software{polars_grouper_van_eechoud,
  author       = {van Eechoud, Edward},
  title        = {polars-grouper},
  year         = 2024,
  version      = {py-0.3.0},
  url          = {https://github.com/Edwardvaneechoud/polars_grouper},
}

@article{nabolagsatlas_neighborhoods_boje2023,
  title={Applying data for urban neighborhood development},
  author={B{\o}je-Kov{\'a}cs, Bence J{\'a}nos and Eriksson, Adam and Stenfeldt, Liselott and Thestrup, Sixten Maximillian},
  year={2023},
  publisher={Institut for Byggeri, By og Milj{\o} (BUILD), Aalborg Universitet}
}

@article{maxp_heuristic_wei2021efficient,
  title={Efficient regionalization for spatially explicit neighborhood delineation},
  author={Wei, Ran and Rey, Sergio and Knaap, Elijah},
  journal={International Journal of Geographical Information Science},
  volume={35},
  number={1},
  pages={135--151},
  year={2021},
  publisher={Taylor \& Francis}
}

@online{west_non_west_def_dst,
  author = {Statistics Denmark, DST},
  title = {Definition af vestlige og ikke-vestlige lande},
  year = 2022,
  url = {https://www.dst.dk/Site/Dst/SingleFiles/GetArchiveFile.aspx?fi=289262707644&fo=0&ext=befolkning},
  urldate = {2024-10-30}
}


